@article{pmwcas,
	title={Easy Lock-Free Programming in Non-Volatile Memory},
	author={Wang, Tianzheng and Levandoski, Justin and Larson, Per-Ake}
}

@misc{pmdk,
	title = {Persistent Memory Programming},
	publisher = {GitHub},
	journal = {GitHub repository},
	howpublished = {\url{https://github.com/pmem/pmemkv}}
}

@misc{rocksdb,
	title = {RocksDB site},
	howpublished = {\url{https://rocksdb.org/}}
}

@article{cyclone,
	title={Cyclone: High Availability for Persistent Key Value Stores},
	author={Amitabha Roy and Subramanya R. Dulloor},
	journal={CoRR},
	year={2017},
	volume={abs/1711.06964}
}

@article{lsm,
	title={The log-structured merge-tree (LSM-tree)},
	author={O’Neil, Patrick and Cheng, Edward and Gawlick, Dieter and O’Neil, Elizabeth},
	journal={Acta Informatica},
	volume={33},
	number={4},
	pages={351--385},
	year={1996},
	publisher={Springer}
}

@misc{lobsters,
	title = {Lobster site},
	howpublished = {\url{https://lobste.rs/}}
}

@inproceedings{raft,
	title={In search of an understandable consensus algorithm},
	author={Ongaro, Diego and Ousterhout, John},
	booktitle={2014 $\{$USENIX$\}$ Annual Technical Conference ($\{$USENIX$\}$$\{$ATC$\}$ 14)},
	pages={305--319},
	year={2014}
}
